@article{leduc2008road,
  title={Road traffic data: Collection methods and applications},
  author={Leduc, Guillaume and others},
  journal={Working Papers on Energy, Transport and Climate Change},
  volume={1},
  number={55},
  pages={1--55},
  year={2008},
  publisher={European Commission Joint Research Centre Institute for Prospective}
}



@ONLINE {ECG,
    url= {https://www.physionet.org/content/adfecgdb/1.0.0/},
    author = {PhysioNet},
    year = {2012},
    title = {Abdominal and Direct Fetal ECG Database}
}